<record><leader>00000cas a22000007a 4500</leader><controlfield tag="001">9767108</controlfield><controlfield tag="008">830802d18491853txuwr ne      0   a0eng d</controlfield><datafield ind1=" " ind2=" " tag="010"><subfield code="a">sn 83025703 </subfield></datafield><datafield ind1=" " ind2=" " tag="040"><subfield code="a">NPV</subfield><subfield code="b">eng</subfield><subfield code="c">NPV</subfield><subfield code="d">PPM</subfield><subfield code="d">OCL</subfield><subfield code="d">OCLCQ</subfield></datafield><datafield ind1=" " ind2=" " tag="042"><subfield code="a">msc</subfield></datafield><datafield ind1=" " ind2=" " tag="043"><subfield code="a">n-us-tx</subfield></datafield><datafield ind1=" " ind2=" " tag="045"><subfield code="a">w4w5</subfield></datafield><datafield ind1=" " ind2=" " tag="052"><subfield code="a">4033</subfield><subfield code="b">T7</subfield></datafield><datafield ind1="0" ind2=" " tag="130"><subfield code="a">South-western American (Austin, Tex.: 1849)</subfield></datafield><datafield ind1="1" ind2="4" tag="245"><subfield code="a">The south-western American.</subfield></datafield><datafield ind1="1" ind2="3" tag="246"><subfield code="a">S.W. American</subfield></datafield><datafield ind1=" " ind2=" " tag="260"><subfield code="a">Austin, Tex. :</subfield><subfield code="b">P. de Cordova &amp; Co.</subfield></datafield><datafield ind1=" " ind2=" " tag="300"><subfield code="a">5 v. ;</subfield><subfield code="c">34-59 cm.</subfield></datafield><datafield ind1=" " ind2=" " tag="310"><subfield code="a">Weekly</subfield></datafield><datafield ind1="1" ind2=" " tag="362"><subfield code="a">Began in Nov. 1849.</subfield></datafield><datafield ind1="0" ind2=" " tag="362"><subfield code="a">-v. 5, no. 21 (Nov. 5, 1853).</subfield></datafield><datafield ind1=" " ind2=" " tag="500"><subfield code="a">"Democratic newspaper devoted to agriculture, news, politics and Texan interests."</subfield></datafield><datafield ind1=" " ind2=" " tag="500"><subfield code="a">Editor: 1852-1853 John S. Ford. Cf. L. Jackson. True witnesses.</subfield></datafield><datafield ind1=" " ind2=" " tag="588"><subfield code="a">Description based on: Vol. 1, no. 15 (Dec. 21, 1849).</subfield></datafield><datafield ind1="1" ind2=" " tag="700"><subfield code="a">Ford, John S.</subfield></datafield><datafield ind1=" " ind2=" " tag="752"><subfield code="a">United States</subfield><subfield code="b">Texas</subfield><subfield code="c">Travis</subfield><subfield code="d">Austin.</subfield></datafield><datafield ind1="0" ind2="0" tag="785"><subfield code="t">Texas state times</subfield><subfield code="w">(OCoLC)9767204</subfield></datafield><datafield ind1="1" ind2=" " tag="029"><subfield code="a">AU@</subfield><subfield code="b">000025816770</subfield></datafield></record>